<?xml version="1.0" encoding="UTF-8"?><collection xmlns="http://www.loc.gov/MARC21/slim"><record><leader>00535nam--2200169-i-4500</leader><controlfield tag="001">000039991</controlfield><controlfield tag="002">20161230</controlfield><controlfield tag="005">20161230201042</controlfield><controlfield tag="008">060222s1000------------r-----000-0-eng-d</controlfield><datafield ind1=" " ind2=" " tag="040"><subfield code="a">IFIN-HH</subfield></datafield><datafield ind1=" " ind2=" " tag="080"><subfield code="a">530.145.6:531(043)</subfield></datafield><datafield ind1="1" ind2=" " tag="100"><subfield code="a">Saenz,Albert William</subfield></datafield><datafield ind1="1" ind2="0" tag="245"><subfield code="a">On integrals of motion of the runge type in classical and quantum mechanics</subfield><subfield code="b">These</subfield><subfield code="c">Albert william saenz</subfield></datafield><datafield ind1=" " ind2=" " tag="260"><subfield code="a">An Arbor, Michigan</subfield><subfield code="b">University Microfilms International</subfield><subfield code="c">1949</subfield></datafield><datafield ind1=" " ind2=" " tag="300"><subfield code="a">100 P</subfield></datafield><datafield ind1=" " ind2=" " tag="852"><subfield code="a">45956</subfield><subfield code="c">530.145</subfield></datafield><datafield ind1=" " ind2=" " tag="CAT"><subfield code="a">Sys</subfield><subfield code="c">20150716</subfield><subfield code="h">110442</subfield></datafield></record></collection>